@article{china,
  author = {Chun Bao 
            AND Huan Xiong 
            AND Shiyu Wang 
            AND Benxiao Lou 
            AND Jianqiu Chen 
            AND Xiali Cao 
            AND Bote Liu 
            AND Guobin Gu},
  title  = {Research on Classification and Prediction of General Traffic Accidents 
            on National and Provincial Highways Based on BP Neural Networks},
  year   = 2024,
  doi    = {10.1109/NNICE61279.2024.10498278}
}
@article{ml,
  author = {Surojit Das
            AND Priyanksh Talukdar
            AND Chandramallika Das
            AND Archita Barman
            AND Rakesh Sarma
            AND Rajashekar Hubballi},
  title  = {Machine Learning Based Approach for Predicting the Impact of 
            Time of Day on Traffic Accidents},
  year   = 2023,
  doi    = {10.1109/ICCIT60459.2023.10441325}
}
@article{predict,
  author = {Ruyi Qian
            AND Xin Wang},
  title  = {Preciction of accident severity based on BP neural networks},
  year   = 2023,
  doi    = {10.1109/CCDC58219.2023.10327407}
}
@article{prisma,
  author = {David Moher
            AND Alessandro Liberati
            AND Jennifer Tetzlaff
            AND Douglas G. Altman
            AND Die PRISMA-Gruppe},
  title  = {Preferred Reporting Items for Systematic Reviews and Meta-Analyses:
            The PRISMA Statement},
  year   = 2009,
  doi    = {10.1371/journal.pmed.1000097}
}
@online{who,
  author = {World Health Organization (WHO)},
  title  = {Road Traffic Injuries},
  year   = 2023,
  url    = {https://www.who.int/news-room/fact-sheets/detail/road-traffic-injuries}
}
@online{sap,
  author = {Systemanalyse Programmentwicklung (SAP)},
  title  = {Was ist Machine Learning?},
  year   = 2024,
  url    = {https://www.sap.com/germany/products/artificial-intelligence/what-is-machine-learning.html}
}
@online{ibm,
  author = {International Business Machines Corporation (IBM)},
  title  = {Was ist ein neuronales Netz?},
  year   = 2024,
  url    = {https://www.ibm.com/de-de/topics/neural-networks}
}
@article{ex1,
  author   = {Sohan, Md Fahimuzzman and Basalamah, Anas},
  journal  = {IEEE Access},
  title    = {A Systematic Review on Federated Learning in Medical Image Analysis},
  year     = {2023},
  volume   = {11},
  pages    = {28628-28644},
  keywords = {Data models;Medical diagnostic imaging;Image analysis;Servers;Hospitals;Task analysis;Federated learning;Biomedical imaging;Federated learning;machine learning;medical image analysis;data privacy;systematic literature review},
  doi      = {10.1109/ACCESS.2023.3260027}
}
